<?xml version="1.0" encoding="UTF-8"?><record xmlns="http://www.loc.gov/MARC21/slim" xmlns:cinclude="http://apache.org/cocoon/include/1.0" xmlns:zs="http://www.loc.gov/zing/srw/">
  <leader>00511cz  a2200133n  4500</leader>
  <controlfield tag="001">n  85811777 </controlfield>
  <controlfield tag="003">DLC</controlfield>
  <controlfield tag="005">19890410121219.6</controlfield>
  <controlfield tag="008">850730n| acannaab|          |n aaa |||  </controlfield>
  <datafield tag="010" ind1=" " ind2=" ">
    <subfield code="a">n  85811777 </subfield>
  </datafield>
  <datafield tag="040" ind1=" " ind2=" ">
    <subfield code="a">DLC</subfield>
    <subfield code="c">DLC</subfield>
    <subfield code="d">DLC</subfield>
  </datafield>
  <datafield tag="100" ind1="1" ind2="0">
    <subfield code="a">Haswell, Charles K.</subfield>
  </datafield>
  <datafield tag="670" ind1=" " ind2=" ">
    <subfield code="a">nuc85-43486: His Civil engineering contracts, 1982</subfield>
    <subfield code="b">(hdg. on CoFS rept.: Haswell, Charles K.; usage: Charles K. Haswell)</subfield>
  </datafield>
  <datafield tag="670" ind1=" " ind2=" ">
    <subfield code="a">His Civil engineering contracts, 1989:</subfield>
    <subfield code="b">CIP t.p. (Charles K. Haswell; Senior partner, Charles Haswell &amp; Partners)</subfield>
  </datafield>
</record>